% Encoding: UTF-8

@Misc{Container-Orchestration,
  title = {Container Orchestration},
  url   = {https://dzone.com/articles/introduction-to-container-orchestration},
}

@TechReport{Provisioning,
  author = {Provisioning},
  url    = {https://www.mongodb.com/containers-and-orchestration-explained},
}

@Misc{Configuration-as-text,
  title = {Configuration-as-text},
  url   = {https://thenewstack.io/containers-container-orchestration/},
}

@Misc{Kubernetes,
  title  = {Kubernetes},
  url    = {https://kubernetes.io/},
}

@Misc{kubernetes-vs-docker-swarm,
  title  = {kubernetes vs Docker Swarm},
  url    = {https://vexxhost.com/blog/kubernetes-vs-docker-swarm/},
}

@Misc{Singularity,
  title  = {Singularity},
  url    = {http://singularity.lbl.gov/about},
}
@Misc{Platform9,
  title  = {Platform9},
  url    = {https://platform9.com/blog/kubernetes-docker-swarm-compared/},
}
@Comment{jabref-meta: databaseType:bibtex;}
